@Article{data_collection,
  Title                    = {A Macroscope in the Redwoods},
  Author                   = {Tolle, Gilman and others},
  Journal                  = {SenSys},
  Year                     = {2005},
  Publisher                = {ACM}
}

